<?xml version="1.0" encoding="UTF-8"?>
<OAI-PMH xmlns="http://www.openarchives.org/OAI/2.0/" xmlns:xsi="http://www.w3.org/2001/XMLSchema-instance" xsi:schemaLocation="http://www.openarchives.org/OAI/2.0/                                       http://www.openarchives.org/OAI/2.0/OAI-PMH.xsd                        http://www.extensiblecatalog.org/xsd/mst/1.0                                       http://www.extensiblecatalog.org/doc/MST/xsd/mst.xsd">
  <responseDate>2011-03-30T11:21:11Z</responseDate>
  <request verb="ListRecords" metadataPrefix="marc21">http://localhost:8080/MetadataServicesToolkit/st/marcnormalization/oaiRepository.action</request>
  <ListRecords>
    <record>
      <header>
        <identifier>oai:mst.rochester.edu:marcnormalization/020</identifier>
        <datestamp>2011-03-30T15:04:46Z</datestamp>
      </header>
      <metadata>
        <marc:record xmlns:marc="http://www.loc.gov/MARC21/slim" xmlns:xsi="http://www.w3.org/2001/XMLSchema-instance" xsi:schemaLocation="http://www.loc.gov/MARC21/slim http://128.151.244.137:8080/OAIToolkit/schema/MARC21slim_custom.xsd">
          <marc:leader>02609cgm a2200625Ia 4500</marc:leader>
          <marc:controlfield tag="001">2707414</marc:controlfield>
          <marc:controlfield tag="003">NRU</marc:controlfield>
          <marc:controlfield tag="005">20061011200034.0</marc:controlfield>
          <marc:controlfield tag="007">vd bgaizm</marc:controlfield>
          <marc:controlfield tag="008">011030p20011954cau108 g          vleng d</marc:controlfield>
          <marc:datafield ind1=" " ind2=" " tag="020">
            <marc:subfield code="a">0767804279</marc:subfield>
          </marc:datafield>
          <marc:datafield ind1="1" ind2="0" tag="024">
            <marc:subfield code="a">043396784093</marc:subfield>
          </marc:datafield>
          <marc:datafield ind1="4" ind2="2" tag="028">
            <marc:subfield code="a">78409</marc:subfield>
            <marc:subfield code="b">Columbia Tristar Home Video</marc:subfield>
          </marc:datafield>
          <marc:datafield ind1=" " ind2=" " tag="035">
            <marc:subfield code="a">(OCoLC)48239414</marc:subfield>
          </marc:datafield>
          <marc:datafield ind1=" " ind2=" " tag="035">
            <marc:subfield code="a">2707414</marc:subfield>
          </marc:datafield>
          <marc:datafield ind1=" " ind2=" " tag="040">
            <marc:subfield code="a">MSA</marc:subfield>
            <marc:subfield code="c">MSA</marc:subfield>
            <marc:subfield code="d">WIS</marc:subfield>
            <marc:subfield code="d">IBI</marc:subfield>
            <marc:subfield code="d">JED</marc:subfield>
            <marc:subfield code="d">TEF</marc:subfield>
            <marc:subfield code="d">OCLCQ</marc:subfield>
          </marc:datafield>
          <marc:datafield ind1="1" ind2=" " tag="041">
            <marc:subfield code="a">eng</marc:subfield>
            <marc:subfield code="a">fre</marc:subfield>
            <marc:subfield code="b">fre</marc:subfield>
            <marc:subfield code="b">chi</marc:subfield>
            <marc:subfield code="b">kor</marc:subfield>
            <marc:subfield code="b">por</marc:subfield>
            <marc:subfield code="b">spa</marc:subfield>
            <marc:subfield code="b">tha</marc:subfield>
            <marc:subfield code="h">eng</marc:subfield>
          </marc:datafield>
          <marc:datafield ind1=" " ind2=" " tag="043">
            <marc:subfield code="a">n-us---</marc:subfield>
          </marc:datafield>
          <marc:datafield ind1=" " ind2=" " tag="049">
            <marc:subfield code="a">RESM</marc:subfield>
          </marc:datafield>
          <marc:datafield ind1="0" ind2="4" tag="082">
            <marc:subfield code="a">791.43/72</marc:subfield>
            <marc:subfield code="2">22</marc:subfield>
          </marc:datafield>
          <marc:datafield ind1=" " ind2=" " tag="090">
            <marc:subfield code="a">PN1997</marc:subfield>
            <marc:subfield code="b">.O542 2001</marc:subfield>
          </marc:datafield>
          <marc:datafield ind1="0" ind2="0" tag="245">
            <marc:subfield code="a">On the waterfront</marc:subfield>
            <marc:subfield code="h">[videorecording] /</marc:subfield>
            <marc:subfield code="c">Columbia Pictures Corporation ; screenplay by Budd Schulberg ; produced by Sam Spiegel ; directed by Elia Kazan.</marc:subfield>
          </marc:datafield>
          <marc:datafield ind1=" " ind2=" " tag="250">
            <marc:subfield code="a">Special ed.</marc:subfield>
          </marc:datafield>
          <marc:datafield ind1=" " ind2=" " tag="260">
            <marc:subfield code="a">Culver City, CA :</marc:subfield>
            <marc:subfield code="b">Columbia Tristar Home Entertainment,</marc:subfield>
            <marc:subfield code="c">c2001.</marc:subfield>
          </marc:datafield>
          <marc:datafield ind1=" " ind2=" " tag="300">
            <marc:subfield code="a">1 videodisc (ca. 108 min.) :</marc:subfield>
            <marc:subfield code="b">sd., b&amp;w ;</marc:subfield>
            <marc:subfield code="c">1/2 in.</marc:subfield>
          </marc:datafield>
          <marc:datafield ind1=" " ind2=" " tag="500">
            <marc:subfield code="a">Originally produced as a motion picture in 1954.</marc:subfield>
          </marc:datafield>
          <marc:datafield ind1=" " ind2=" " tag="500">
            <marc:subfield code="a">Based on a story by Budd Schulberg.</marc:subfield>
          </marc:datafield>
          <marc:datafield ind1=" " ind2=" " tag="500">
            <marc:subfield code="a">Special features: audio commentary; Elia Kazan interview; trailers; filmographies; production notes; video photo gallery.</marc:subfield>
          </marc:datafield>
          <marc:datafield ind1=" " ind2=" " tag="508">
            <marc:subfield code="a">Photographer, Boris Kaufman ; editor, Gene Milford ; music, Leonard Bernstein.</marc:subfield>
          </marc:datafield>
          <marc:datafield ind1="1" ind2=" " tag="511">
            <marc:subfield code="a">Marlon Brando, Karl Malden, Lee J. Cobb, Rod Steiger, Pat Henning, Leif Erickson, James Westerfield, Eva Marie Saint.</marc:subfield>
          </marc:datafield>
          <marc:datafield ind1=" " ind2=" " tag="520">
            <marc:subfield code="a">An ex-fighter gets a job working on the gang-ridden waterfront under a crooked gangster boss.</marc:subfield>
          </marc:datafield>
          <marc:datafield ind1="8" ind2=" " tag="521">
            <marc:subfield code="a">Not rated.</marc:subfield>
          </marc:datafield>
          <marc:datafield ind1=" " ind2=" " tag="538">
            <marc:subfield code="a">DVD, Dolby digital; full screen presentation.</marc:subfield>
          </marc:datafield>
          <marc:datafield ind1=" " ind2=" " tag="546">
            <marc:subfield code="a">Closed-captioned; English and French soundtracks; subtitles in English, French, Spanish, Portuguese, Chinese, Korean and Thai.</marc:subfield>
          </marc:datafield>
          <marc:datafield ind1=" " ind2=" " tag="586">
            <marc:subfield code="a">Academy Award for Best Picture, 1954.</marc:subfield>
          </marc:datafield>
          <marc:datafield ind1=" " ind2="0" tag="650">
            <marc:subfield code="a">Stevedores</marc:subfield>
            <marc:subfield code="x">Labor unions</marc:subfield>
            <marc:subfield code="x">Corrupt practices</marc:subfield>
            <marc:subfield code="v">Drama.</marc:subfield>
          </marc:datafield>
          <marc:datafield ind1=" " ind2="0" tag="655">
            <marc:subfield code="a">Gangster films.</marc:subfield>
          </marc:datafield>
          <marc:datafield ind1=" " ind2="0" tag="655">
            <marc:subfield code="a">Feature films.</marc:subfield>
          </marc:datafield>
          <marc:datafield ind1=" " ind2="0" tag="655">
            <marc:subfield code="a">Video recordings for the hearing impaired.</marc:subfield>
          </marc:datafield>
          <marc:datafield ind1="1" ind2=" " tag="700">
            <marc:subfield code="a">Kazan, Elia.</marc:subfield>
            <marc:subfield code="4">drt</marc:subfield>
          </marc:datafield>
          <marc:datafield ind1="1" ind2=" " tag="700">
            <marc:subfield code="a">Spiegel, Sam.</marc:subfield>
          </marc:datafield>
          <marc:datafield ind1="1" ind2=" " tag="700">
            <marc:subfield code="a">Schulberg, Budd.</marc:subfield>
          </marc:datafield>
          <marc:datafield ind1="1" ind2=" " tag="700">
            <marc:subfield code="a">Brando, Marlon.</marc:subfield>
          </marc:datafield>
          <marc:datafield ind1="1" ind2=" " tag="700">
            <marc:subfield code="a">Malden, Karl.</marc:subfield>
          </marc:datafield>
          <marc:datafield ind1="1" ind2=" " tag="700">
            <marc:subfield code="a">Cobb, Lee J.,</marc:subfield>
            <marc:subfield code="d">1911-1976.</marc:subfield>
          </marc:datafield>
          <marc:datafield ind1="1" ind2=" " tag="700">
            <marc:subfield code="a">Steiger, Rod,</marc:subfield>
            <marc:subfield code="d">1925-2002.</marc:subfield>
          </marc:datafield>
          <marc:datafield ind1="1" ind2=" " tag="700">
            <marc:subfield code="a">Henning, Pat,</marc:subfield>
            <marc:subfield code="d">1911-1973.</marc:subfield>
          </marc:datafield>
          <marc:datafield ind1="1" ind2=" " tag="700">
            <marc:subfield code="a">Erickson, Leif,</marc:subfield>
            <marc:subfield code="d">1911-1986.</marc:subfield>
          </marc:datafield>
          <marc:datafield ind1="1" ind2=" " tag="700">
            <marc:subfield code="a">Westerfield, James,</marc:subfield>
            <marc:subfield code="d">1913-1971.</marc:subfield>
          </marc:datafield>
          <marc:datafield ind1="1" ind2=" " tag="700">
            <marc:subfield code="a">Saint, Eva Marie,</marc:subfield>
            <marc:subfield code="d">1924-</marc:subfield>
          </marc:datafield>
          <marc:datafield ind1="1" ind2=" " tag="700">
            <marc:subfield code="a">Kaufman, Boris.</marc:subfield>
          </marc:datafield>
          <marc:datafield ind1="1" ind2=" " tag="700">
            <marc:subfield code="a">Milford, Gene.</marc:subfield>
          </marc:datafield>
          <marc:datafield ind1="1" ind2=" " tag="700">
            <marc:subfield code="a">Bernstein, Leonard,</marc:subfield>
            <marc:subfield code="d">1918-1990.</marc:subfield>
          </marc:datafield>
          <marc:datafield ind1="2" ind2=" " tag="710">
            <marc:subfield code="a">Columbia Pictures Corporation.</marc:subfield>
          </marc:datafield>
          <marc:datafield ind1="2" ind2=" " tag="710">
            <marc:subfield code="a">Columbia TriStar Home Entertainment (Firm)</marc:subfield>
          </marc:datafield>
          <marc:datafield ind1=" " ind2=" " tag="994">
            <marc:subfield code="a">C0</marc:subfield>
            <marc:subfield code="b">RES</marc:subfield>
          </marc:datafield>
          <marc:datafield ind1=" " ind2=" " tag="931">
            <marc:subfield code="a">Image</marc:subfield>
            <marc:subfield code="5">NRU</marc:subfield>
          </marc:datafield>
          <marc:datafield ind1=" " ind2=" " tag="932">
            <marc:subfield code="a">Projected medium</marc:subfield>
            <marc:subfield code="5">NRU</marc:subfield>
          </marc:datafield>
          <marc:datafield ind1=" " ind2=" " tag="935">
            <marc:subfield code="a">Monograph/Item</marc:subfield>
            <marc:subfield code="5">NRU</marc:subfield>
          </marc:datafield>
          <marc:datafield ind1=" " ind2=" " tag="035">
            <marc:subfield code="a">(NRU)2707414</marc:subfield>
          </marc:datafield>
          <marc:datafield ind1=" " ind2=" " tag="931">
            <marc:subfield code="a">MovingImage</marc:subfield>
            <marc:subfield code="5">NRU</marc:subfield>
          </marc:datafield>
          <marc:datafield ind1=" " ind2=" " tag="933">
            <marc:subfield code="a">Video recording</marc:subfield>
            <marc:subfield code="5">NRU</marc:subfield>
          </marc:datafield>
          <marc:datafield ind1=" " ind2=" " tag="934">
            <marc:subfield code="a">Videodisc</marc:subfield>
            <marc:subfield code="5">NRU</marc:subfield>
          </marc:datafield>
          <marc:datafield ind1=" " ind2=" " tag="941">
            <marc:subfield code="a">eng</marc:subfield>
            <marc:subfield code="5">NRU</marc:subfield>
          </marc:datafield>
          <marc:datafield ind1=" " ind2=" " tag="941">
            <marc:subfield code="a">fre</marc:subfield>
            <marc:subfield code="5">NRU</marc:subfield>
          </marc:datafield>
          <marc:datafield ind1=" " ind2=" " tag="943">
            <marc:subfield code="a">English</marc:subfield>
            <marc:subfield code="5">NRU</marc:subfield>
          </marc:datafield>
          <marc:datafield ind1=" " ind2=" " tag="943">
            <marc:subfield code="a">French</marc:subfield>
            <marc:subfield code="5">NRU</marc:subfield>
          </marc:datafield>
          <marc:datafield ind1=" " ind2=" " tag="945">
            <marc:subfield code="a">General</marc:subfield>
            <marc:subfield code="5">NRU</marc:subfield>
          </marc:datafield>
          <marc:datafield ind1=" " ind2=" " tag="947">
            <marc:subfield code="a">0767804279</marc:subfield>
            <marc:subfield code="5">NRU</marc:subfield>
          </marc:datafield>
          <marc:datafield ind1="0" ind2=" " tag="130">
            <marc:subfield code="a">On the waterfront</marc:subfield>
          </marc:datafield>
          <marc:datafield ind1=" " ind2="0" tag="965">
            <marc:subfield code="a">Stevedores</marc:subfield>
            <marc:subfield code="5">NRU</marc:subfield>
          </marc:datafield>
          <marc:datafield ind1=" " ind2="0" tag="965">
            <marc:subfield code="x">Labor unions</marc:subfield>
            <marc:subfield code="5">NRU</marc:subfield>
          </marc:datafield>
          <marc:datafield ind1=" " ind2="0" tag="965">
            <marc:subfield code="x">Corrupt practices</marc:subfield>
            <marc:subfield code="5">NRU</marc:subfield>
          </marc:datafield>
          <marc:datafield ind1=" " ind2="0" tag="969">
            <marc:subfield code="v">Drama.</marc:subfield>
            <marc:subfield code="5">NRU</marc:subfield>
          </marc:datafield>
        </marc:record>
      </metadata>
    </record>
  </ListRecords>
</OAI-PMH>
